[gd_scene load_steps=86 format=2]

[ext_resource path="res://Scenes/Actors/Woman.tscn" type="PackedScene" id=1]
[ext_resource path="res://Resources/Tilesets/Walls.tres" type="TileSet" id=2]
[ext_resource path="res://Resources/Tilesets/Floors.tres" type="TileSet" id=3]
[ext_resource path="res://Scenes/CameraRig.tscn" type="PackedScene" id=4]
[ext_resource path="res://Scenes/Actors/Environment/WallTrigger.tscn" type="PackedScene" id=5]
[ext_resource path="res://Scenes/Actors/Tasks/SinkKT.tscn" type="PackedScene" id=6]
[ext_resource path="res://Scenes/Actors/Tasks/TrashCan.tscn" type="PackedScene" id=7]
[ext_resource path="res://Scenes/Actors/Tasks/SinkBR.tscn" type="PackedScene" id=8]
[ext_resource path="res://Scenes/Actors/Tasks/Oven.tscn" type="PackedScene" id=9]
[ext_resource path="res://Scenes/Actors/Tasks/BedChild2.tscn" type="PackedScene" id=10]
[ext_resource path="res://Scenes/Actors/Environment/DynamicWalls/W_Win_2.tscn" type="PackedScene" id=11]
[ext_resource path="res://Scenes/Actors/Tasks/WC.tscn" type="PackedScene" id=12]
[ext_resource path="res://Scenes/Actors/Tasks/ToMop/Leftover1.tscn" type="PackedScene" id=13]
[ext_resource path="res://Scenes/Actors/Tasks/ToMop/Leftover3.tscn" type="PackedScene" id=14]
[ext_resource path="res://Scenes/Actors/Tasks/ToMop/Puddle2.tscn" type="PackedScene" id=15]
[ext_resource path="res://Scenes/Actors/Tasks/ToMop/Puddle3.tscn" type="PackedScene" id=16]
[ext_resource path="res://Scenes/Actors/Tasks/BedAdult.tscn" type="PackedScene" id=17]
[ext_resource path="res://Scenes/Actors/Environment/Furnitures/Mirror.tscn" type="PackedScene" id=18]
[ext_resource path="res://Scenes/Actors/Tasks/ToMop/Mud3.tscn" type="PackedScene" id=19]
[ext_resource path="res://Scenes/Actors/Environment/D_White.tscn" type="PackedScene" id=20]
[ext_resource path="res://Scenes/Actors/Environment/Furnitures/Sofa_B.tscn" type="PackedScene" id=21]
[ext_resource path="res://Scenes/Actors/Environment/Furnitures/Fridge.tscn" type="PackedScene" id=22]
[ext_resource path="res://Scenes/Actors/Environment/D_Coloured.tscn" type="PackedScene" id=23]
[ext_resource path="res://Scenes/Actors/Environment/DynamicWalls/W_Win_3.tscn" type="PackedScene" id=24]
[ext_resource path="res://Scenes/Actors/Environment/DynamicWalls/W_SaCu_6.tscn" type="PackedScene" id=25]
[ext_resource path="res://Scenes/Actors/Environment/DynamicWalls/W_SaCu_1.tscn" type="PackedScene" id=26]
[ext_resource path="res://Scenes/Actors/Tasks/Shower.tscn" type="PackedScene" id=27]
[ext_resource path="res://Scenes/Actors/Environment/DynamicWalls/W_SaCu_3.tscn" type="PackedScene" id=28]
[ext_resource path="res://Scenes/Actors/Environment/Furnitures/ChairFront.tscn" type="PackedScene" id=29]
[ext_resource path="res://Scenes/Actors/Environment/Furnitures/ChairBack.tscn" type="PackedScene" id=30]
[ext_resource path="res://Scenes/Actors/Environment/DynamicWalls/W_SdE_1.tscn" type="PackedScene" id=31]
[ext_resource path="res://Scenes/Actors/Tasks/Clothes.tscn" type="PackedScene" id=32]
[ext_resource path="res://Scenes/Actors/Environment/DynamicWalls/W_Adu_2.tscn" type="PackedScene" id=33]
[ext_resource path="res://Scenes/Actors/Environment/DynamicWalls/W_Kid_2.tscn" type="PackedScene" id=34]
[ext_resource path="res://Scenes/Actors/Environment/Furnitures/KitchenCounter_B.tscn" type="PackedScene" id=35]
[ext_resource path="res://Scenes/Actors/Environment/Furnitures/KitchenCounter2_B.tscn" type="PackedScene" id=36]
[ext_resource path="res://Scenes/Actors/Environment/DynamicWalls/W_Room.tscn" type="PackedScene" id=37]
[ext_resource path="res://Graphics/Decor/Objects/Cuisine/obj_etagere_2.png" type="Texture" id=38]
[ext_resource path="res://Graphics/Decor/Objects/Cuisine/obj_pot_4.png" type="Texture" id=39]
[ext_resource path="res://Graphics/Decor/Objects/Cuisine/obj_pot_5.png" type="Texture" id=40]
[ext_resource path="res://Graphics/Decor/Objects/Cuisine/obj_pot_1.png" type="Texture" id=41]
[ext_resource path="res://Graphics/Decor/Objects/Cuisine/obj_pot_3.png" type="Texture" id=42]
[ext_resource path="res://Scenes/Actors/Environment/Furnitures/DishWasher.tscn" type="PackedScene" id=43]
[ext_resource path="res://Scenes/Actors/Environment/Furnitures/Sofa.tscn" type="PackedScene" id=44]
[ext_resource path="res://Graphics/Decor/Objects/Cuisine/obj_pot_6.png" type="Texture" id=45]
[ext_resource path="res://Graphics/Decor/Objects/Cuisine/obj_tapis_3.png" type="Texture" id=46]
[ext_resource path="res://Scenes/Actors/Environment/Furnitures/TV.tscn" type="PackedScene" id=47]
[ext_resource path="res://Scenes/Actors/Tasks/TableLarge.tscn" type="PackedScene" id=48]
[ext_resource path="res://Graphics/Decor/Objects/Salle_de_bain_WC/obj_tapis_wc.png" type="Texture" id=49]
[ext_resource path="res://Graphics/Decor/Objects/Salle_de_bain_WC/obj_tapis_sdb.png" type="Texture" id=50]
[ext_resource path="res://Scenes/Actors/Environment/Furnitures/Pot_2.tscn" type="PackedScene" id=51]
[ext_resource path="res://Scenes/Actors/Environment/Furnitures/WardrobeKid_1.tscn" type="PackedScene" id=52]
[ext_resource path="res://Scenes/Actors/Environment/Furnitures/Pouffe_1.tscn" type="PackedScene" id=53]
[ext_resource path="res://Scenes/Actors/Environment/Furnitures/WardrobeKid_2.tscn" type="PackedScene" id=54]
[ext_resource path="res://Scenes/Actors/Environment/Furnitures/Portrait.tscn" type="PackedScene" id=55]
[ext_resource path="res://Graphics/Decor/Objects/Cuisine/obj_tapis_2.png" type="Texture" id=56]
[ext_resource path="res://Scenes/Actors/Environment/Furnitures/Painting1.tscn" type="PackedScene" id=57]
[ext_resource path="res://Scenes/Actors/Environment/Furnitures/WardrobeKid_1_B.tscn" type="PackedScene" id=58]
[ext_resource path="res://Scenes/Actors/Environment/Furnitures/Pouffe_3.tscn" type="PackedScene" id=59]
[ext_resource path="res://Scenes/Actors/Environment/Furnitures/Sideboard_2.tscn" type="PackedScene" id=60]
[ext_resource path="res://Scenes/Actors/Environment/Furnitures/Garland.tscn" type="PackedScene" id=61]
[ext_resource path="res://Scenes/Actors/Environment/Furnitures/BedsideTableKid.tscn" type="PackedScene" id=62]
[ext_resource path="res://Scenes/Actors/Environment/Furnitures/Lamp_1.tscn" type="PackedScene" id=63]
[ext_resource path="res://Scenes/Actors/Environment/Furnitures/Pot_5.tscn" type="PackedScene" id=64]
[ext_resource path="res://Scenes/Actors/Environment/Furnitures/Candles.tscn" type="PackedScene" id=65]
[ext_resource path="res://Scenes/Actors/Environment/Furnitures/Painting2.tscn" type="PackedScene" id=66]
[ext_resource path="res://Scenes/Actors/Environment/Furnitures/Lamp_2.tscn" type="PackedScene" id=67]
[ext_resource path="res://Scenes/Actors/Environment/Furnitures/Sideboard_1.tscn" type="PackedScene" id=68]
[ext_resource path="res://Scenes/Actors/Environment/Furnitures/WardrobeAdu_1.tscn" type="PackedScene" id=69]
[ext_resource path="res://Scenes/Actors/Environment/Furnitures/WardrobeAdu_2.tscn" type="PackedScene" id=70]
[ext_resource path="res://Scenes/Actors/Environment/Furnitures/BedsideTableAdu.tscn" type="PackedScene" id=71]
[ext_resource path="res://Scenes/Actors/Environment/Furnitures/Pouffe_2.tscn" type="PackedScene" id=72]
[ext_resource path="res://Scenes/Actors/Tasks/BedChild1.tscn" type="PackedScene" id=73]
[ext_resource path="res://Graphics/Decor/Objects/Salon/obj_tapis_1.png" type="Texture" id=74]
[ext_resource path="res://Scenes/Actors/Environment/DynamicWalls/WW_Kid_1.tscn" type="PackedScene" id=75]
[ext_resource path="res://Scenes/Actors/Environment/DynamicWalls/WW_Kid_2.tscn" type="PackedScene" id=76]
[ext_resource path="res://Scenes/Actors/Environment/DynamicWalls/WW_SaCu_1.tscn" type="PackedScene" id=77]
[ext_resource path="res://Scenes/Actors/Environment/Furnitures/WC_Window_1.tscn" type="PackedScene" id=78]
[ext_resource path="res://Graphics/Decor/Objects/Communs/obj_lumiere-fenetre.png" type="Texture" id=79]
[ext_resource path="res://Scenes/Actors/Tasks/Plant1.tscn" type="PackedScene" id=82]
[ext_resource path="res://Scenes/Actors/Tasks/Plant2.tscn" type="PackedScene" id=83]
[ext_resource path="res://Scenes/Actors/Tasks/ToMop/Mud1.tscn" type="PackedScene" id=86]
[ext_resource path="res://Scenes/Actors/Tasks/ToMop/Mud2.tscn" type="PackedScene" id=87]
[ext_resource path="res://Scenes/Actors/Tasks/ToMop/Puddle1.tscn" type="PackedScene" id=89]
[ext_resource path="res://Scenes/Actors/Man.tscn" type="PackedScene" id=91]

[node name="Level_15" type="Node2D"]

[node name="Floor" type="TileMap" parent="."]
mode = 1
tile_set = ExtResource( 3 )
cell_size = Vector2( 128, 64 )
collision_layer = 0
collision_mask = 0
format = 1
tile_data = PoolIntArray( -393201, 1, 0, -393200, 1, 0, -393199, 1, 0, -393198, 1, 0, -393197, 1, 0, -393196, 1, 0, -393195, 3, 0, -393194, 3, 0, -393193, 1, 0, -393192, 1, 0, -393191, 1, 0, -393190, 1, 0, -393189, 1, 0, -393188, 1, 0, -327665, 1, 0, -327664, 1, 0, -327663, 1, 0, -327662, 1, 0, -327661, 1, 0, -327660, 1, 0, -327659, 3, 0, -327658, 3, 0, -327657, 1, 0, -327656, 1, 0, -327655, 1, 0, -327654, 1, 0, -327653, 1, 0, -327652, 1, 0, -262129, 1, 0, -262128, 1, 0, -262127, 1, 0, -262126, 1, 0, -262125, 1, 0, -262124, 1, 0, -262123, 3, 0, -262122, 3, 0, -262121, 1, 0, -262120, 1, 0, -262119, 1, 0, -262118, 1, 0, -262117, 1, 0, -262116, 1, 0, -196593, 1, 0, -196592, 1, 0, -196591, 1, 0, -196590, 1, 0, -196589, 1, 0, -196588, 1, 0, -196587, 3, 0, -196586, 3, 0, -196585, 1, 0, -196584, 1, 0, -196583, 1, 0, -196582, 1, 0, -196581, 1, 0, -196580, 1, 0, -131057, 4, 0, -131056, 4, 0, -131055, 4, 0, -131054, 4, 0, -131053, 4, 0, -131052, 4, 0, -131051, 3, 0, -131050, 3, 0, -131049, 0, 0, -131048, 0, 0, -131047, 0, 0, -131046, 0, 0, -131045, 0, 0, -131044, 0, 0, -65521, 4, 0, -65520, 4, 0, -65519, 4, 0, -65518, 4, 0, -65517, 4, 0, -65516, 4, 0, -65515, 3, 0, -65514, 3, 0, -65513, 0, 0, -65512, 0, 0, -65511, 0, 0, -65510, 0, 0, -65509, 0, 0, -65508, 0, 0, 15, 4, 0, 16, 4, 0, 17, 4, 0, 18, 4, 0, 19, 4, 0, 20, 4, 0, 21, 3, 0, 22, 3, 0, 23, 0, 0, 24, 0, 0, 25, 0, 0, 26, 0, 0, 27, 0, 0, 28, 0, 0, 65551, 4, 0, 65552, 4, 0, 65553, 4, 0, 65554, 4, 0, 65555, 4, 0, 65556, 4, 0, 65557, 3, 0, 65558, 3, 0, 65559, 0, 0, 65560, 0, 0, 65561, 0, 0, 65562, 0, 0, 65563, 0, 0, 65564, 0, 0, 131087, 4, 0, 131088, 4, 0, 131089, 4, 0, 131090, 4, 0, 131091, 4, 0, 131092, 4, 0, 131093, 3, 0, 131094, 3, 0, 131095, 0, 0, 131096, 0, 0, 131097, 0, 0, 131098, 0, 0, 131099, 0, 0, 131100, 0, 0, 196623, 4, 0, 196624, 4, 0, 196625, 4, 0, 196626, 4, 0, 196627, 4, 0, 196628, 4, 0, 196629, 3, 0, 196630, 3, 0, 196631, 0, 0, 196632, 0, 0, 196633, 0, 0, 196634, 0, 0, 196635, 0, 0, 196636, 0, 0, 262159, 2, 0, 262160, 2, 0, 262161, 2, 0, 262162, 2, 0, 262163, 2, 0, 262164, 2, 0, 262165, 3, 0, 262166, 3, 0, 262167, 3, 0, 262168, 3, 0, 262169, 3, 0, 262170, 3, 0, 262171, 3, 0, 262172, 3, 0, 262173, 3, 0, 262174, 3, 0, 327695, 2, 0, 327696, 2, 0, 327697, 2, 0, 327698, 2, 0, 327699, 2, 0, 327700, 2, 0, 327701, 3, 0, 327702, 3, 0, 327703, 3, 0, 327704, 3, 0, 327705, 3, 0, 327706, 3, 0, 327707, 3, 0, 327708, 3, 0, 327709, 3, 0, 327710, 3, 0, 393231, 2, 0, 393232, 2, 0, 393233, 2, 0, 393234, 2, 0, 393235, 2, 0, 393236, 2, 0, 393237, 3, 0, 393238, 3, 0, 393239, 3, 0, 393240, 3, 0, 393241, 3, 0, 393242, 3, 0, 393243, 3, 0, 393244, 3, 0, 393245, 3, 0, 393246, 3, 0, 458767, 2, 0, 458768, 2, 0, 458769, 2, 0, 458770, 2, 0, 458771, 2, 0, 458772, 2, 0, 458773, 3, 0, 458774, 3, 0, 458775, 3, 0, 458776, 3, 0, 458777, 3, 0, 458778, 3, 0, 458779, 3, 0, 458780, 3, 0, 458781, 3, 0, 458782, 3, 0, 524303, 2, 0, 524304, 2, 0, 524305, 2, 0, 524306, 2, 0, 524307, 2, 0, 524308, 2, 0, 524309, 3, 0, 524310, 3, 0, 524311, 3, 0, 524312, 3, 0, 524313, 3, 0, 524314, 3, 0, 524315, 3, 0, 524316, 3, 0, 524317, 3, 0, 524318, 3, 0, 589839, 2, 0, 589840, 2, 0, 589841, 2, 0, 589842, 2, 0, 589843, 2, 0, 589844, 2, 0, 589845, 3, 0, 589846, 3, 0, 589847, 3, 0, 589848, 3, 0, 589849, 3, 0, 589850, 3, 0, 589851, 3, 0, 589852, 3, 0, 589853, 3, 0, 589854, 3, 0, 655375, 2, 0, 655376, 2, 0, 655377, 2, 0, 655378, 2, 0, 655379, 2, 0, 655380, 2, 0, 655381, 3, 0, 655382, 3, 0, 655383, 3, 0, 655384, 3, 0, 655385, 3, 0, 655386, 3, 0, 655387, 3, 0, 655388, 3, 0, 655389, 3, 0, 655390, 3, 0, 720911, 2, 0, 720912, 2, 0, 720913, 2, 0, 720914, 2, 0, 720915, 2, 0, 720916, 2, 0, 720917, 3, 0, 720918, 3, 0, 720919, 3, 0, 720920, 3, 0, 720921, 3, 0, 720922, 3, 0, 720923, 3, 0, 720924, 3, 0, 720925, 3, 0, 720926, 3, 0 )

[node name="Walls" type="TileMap" parent="."]
mode = 1
tile_set = ExtResource( 2 )
cell_size = Vector2( 128, 64 )
collision_layer = 2
format = 1
tile_data = PoolIntArray( -458737, 5, 0, -458734, 5, 0, -458733, 5, 0, -458732, 5, 0, -458731, 9, 0, -458730, 9, 0, -458729, 7, 0, -458728, 7, 0, -458727, 7, 0, -458726, 7, 0, -458725, 7, 0, -458724, 7, 0, -393202, 8, 0, -327666, 8, 0, -262130, 8, 0, -196594, 8, 0, -131058, 30, 0, -65522, 30, 0, 14, 30, 0, 65550, 30, 0, 131086, 30, 0, 196622, 30, 0, 262158, 16, 0, 327694, 16, 0, 393230, 16, 0, 458766, 16, 0, 524302, 16, 0, 720910, 16, 0 )

[node name="Back_KT" type="Node2D" parent="."]

[node name="W_Win_2_" parent="Back_KT" instance=ExtResource( 11 )]
position = Vector2( 320, 800 )
scale = Vector2( -1, 1 )

[node name="W_Win_3_" parent="Back_KT" instance=ExtResource( 24 )]
position = Vector2( 384, 768 )
scale = Vector2( -1, 1 )

[node name="Leftover1" parent="Back_KT" instance=ExtResource( 13 )]
position = Vector2( 608, 992 )

[node name="Leftover3" parent="Back_KT" instance=ExtResource( 14 )]
position = Vector2( 320, 832 )

[node name="Puddle1" parent="Back_KT" instance=ExtResource( 89 )]
position = Vector2( 704, 736 )

[node name="obj_etagere" type="Sprite" parent="Back_KT"]
position = Vector2( 512, 576 )
rotation = 3.14159
scale = Vector2( 1, -1 )
texture = ExtResource( 38 )

[node name="obj_pot" type="Sprite" parent="Back_KT/obj_etagere"]
position = Vector2( -28, -28 )
texture = ExtResource( 41 )

[node name="obj_pot_2" type="Sprite" parent="Back_KT/obj_etagere"]
position = Vector2( -8, -20 )
texture = ExtResource( 39 )

[node name="obj_etagere_2" type="Sprite" parent="Back_KT"]
position = Vector2( 576, 544 )
rotation = 3.14159
scale = Vector2( 1, -1 )
texture = ExtResource( 38 )

[node name="obj_pot" type="Sprite" parent="Back_KT/obj_etagere_2"]
position = Vector2( -28, -16 )
texture = ExtResource( 45 )

[node name="obj_pot_2" type="Sprite" parent="Back_KT/obj_etagere_2"]
position = Vector2( -20, -4 )
texture = ExtResource( 40 )

[node name="obj_pot_3" type="Sprite" parent="Back_KT/obj_etagere_2"]
position = Vector2( 0, -16 )
texture = ExtResource( 42 )

[node name="Back_Main" type="Node2D" parent="."]

[node name="Mud1" parent="Back_Main" instance=ExtResource( 86 )]
position = Vector2( 1440, 1152 )
rotation = -2.8038

[node name="Mud2" parent="Back_Main" instance=ExtResource( 87 )]
position = Vector2( 1152, 896 )
rotation = 0.536668

[node name="obj_tapis_3_flip" type="Sprite" parent="Back_Main"]
position = Vector2( 1536, 1192 )
texture = ExtResource( 46 )

[node name="Back_Kid1" type="Node2D" parent="."]

[node name="Garland" parent="Back_Kid1" instance=ExtResource( 61 )]
position = Vector2( 1232, 348 )
rotation = 3.14159
scale = Vector2( 1, -1 )
_SpritePath = NodePath("../../Back_Kid1/Garland/Sprite")

[node name="WW_Kid_1_" parent="Back_Kid1" instance=ExtResource( 75 )]
position = Vector2( 1408, 320 )

[node name="WW_Kid_1__2" parent="Back_Kid1" instance=ExtResource( 75 )]
position = Vector2( 1472, 352 )

[node name="Back_BR" type="Node2D" parent="."]

[node name="Puddle2" parent="Back_BR" instance=ExtResource( 15 )]
position = Vector2( 992, 600 )

[node name="Puddle3" parent="Back_BR" instance=ExtResource( 16 )]
position = Vector2( 1204, 640 )

[node name="WC_Window_1" parent="Back_BR" instance=ExtResource( 78 )]
position = Vector2( 896, 512 )

[node name="Mud3" parent="." instance=ExtResource( 19 )]
position = Vector2( 1344, 736 )
rotation = -0.387868

[node name="Mud1_2" parent="." instance=ExtResource( 86 )]
position = Vector2( 1696, 576 )
rotation = -0.0946699

[node name="MainWallTrigger" parent="." instance=ExtResource( 5 )]
visible = false
position = Vector2( 1216, 1056 )
_StartingEnabled = true
_ToHidePaths = [ NodePath("../Front_Main/D_Coloured"), NodePath("../Front_Main/W_SaCu_3_"), NodePath("../Front_Main/W_SaCu_3__2"), NodePath("../Front_Main/W_SaCu_3__5"), NodePath("../Front_Main/W_SaCu_3__6"), NodePath("../Front_Main/W_SaCu_3__7"), NodePath("../Front_Main/W_SaCu_3__10"), NodePath("../Front_Main/W_SaCu_6_"), NodePath("../Front_Main/W_SaCu_6__2"), NodePath("../Front_Main/W_SaCu_6__3"), NodePath("../Front_Main/W_SaCu_6__4"), NodePath("../Front_Main/W_SaCu_6__5"), NodePath("../Front_Main/W_SaCu_6__6"), NodePath("../Front_Main/WW_SaCu_1_"), NodePath("../Front_Main/WW_SaCu_1__2"), NodePath("../Front_Main/W_Win_3_"), NodePath("../Front_Main/W_Win_2_") ]
_ToFadePaths = [  ]

[node name="CollisionPolygon2D" type="CollisionPolygon2D" parent="MainWallTrigger"]
polygon = PoolVector2Array( -128, -256, 512, 64, 0, 320, -640, 0 )

[node name="KTWallTrigger" parent="." instance=ExtResource( 5 )]
visible = false
position = Vector2( 640, 832 )
_ToHidePaths = [ NodePath("../Front_KT/W_SaCu_2_"), NodePath("../Front_KT/W_SaCu_2__2"), NodePath("../Front_KT/W_SaCu_2__5"), NodePath("../Front_KT/W_SaCu_2__6"), NodePath("../Front_KT/WW_SaCu_1_"), NodePath("../Front_KT/WW_SaCu_1__2") ]
_ToFadePaths = [ NodePath("../Front_Main/W_SaCu_3_"), NodePath("../Front_Main/W_SaCu_3__2"), NodePath("../Front_Main/W_Win_3_") ]

[node name="CollisionPolygon2D" type="CollisionPolygon2D" parent="KTWallTrigger"]
polygon = PoolVector2Array( 64, -224, 448, -32, -64, 224, -448, 32 )

[node name="AduWallTrigger" parent="." instance=ExtResource( 5 )]
visible = false
position = Vector2( 1600, 864 )
_ToHidePaths = [ NodePath("../Front_Adu/W_Adu_2_"), NodePath("../Front_Adu/W_Adu_2__2"), NodePath("../Front_Adu/WW_Kid_2_"), NodePath("../Front_Adu/WW_Kid_2__2"), NodePath("../YSort/YSort_Adu/W_Adu_2__11"), NodePath("../YSort/YSort_Adu/W_Adu_2__12"), NodePath("../YSort/YSort_Main/W_SaCu_3_"), NodePath("../YSort/YSort_Main/W_SaCu_3__2"), NodePath("../YSort/YSort_Main/W_SaCu_3__3"), NodePath("../YSort/YSort_Main/W_SaCu_3__4"), NodePath("../YSort/YSort_Main/W_SaCu_3__5"), NodePath("../YSort/YSort_Main/W_SaCu_3__6"), NodePath("../YSort/YSort_Main/Sideboard_1/Lamp_2"), NodePath("../YSort/YSort_Main/Sideboard_2/Portrait"), NodePath("../YSort/YSort_Main/Garland"), NodePath("../YSort/YSort_Main/Garland_2") ]
_ToFadePaths = [ NodePath("../YSort/YSort_Main/W_SaCu_3__7"), NodePath("../YSort/YSort_Main/W_SaCu_3__8"), NodePath("../YSort/YSort_Main/Sideboard_1"), NodePath("../YSort/YSort_Main/Sideboard_2"), NodePath("../Front_Main/W_SaCu_6__5"), NodePath("../Front_Main/W_SaCu_6__6") ]

[node name="CollisionPolygon2D" type="CollisionPolygon2D" parent="AduWallTrigger"]
polygon = PoolVector2Array( 0, -192, 384, 0, 0, 192, -384, 0 )

[node name="Kid2WallTrigger" parent="." instance=ExtResource( 5 )]
visible = false
position = Vector2( 1888, 704 )
_ToHidePaths = [ NodePath("../Front_Kid1/W_Kid_2_"), NodePath("../Front_Kid1/W_Kid_2__4"), NodePath("../Front_Kid1/WW_Kid_2_"), NodePath("../Front_Kid1/WW_Kid_2__2"), NodePath("../YSort/YSort_Adu/W_Adu_2_"), NodePath("../YSort/YSort_Adu/W_Adu_2__2"), NodePath("../YSort/YSort_Adu/W_Adu_2__3"), NodePath("../YSort/YSort_Adu/W_Adu_2__4"), NodePath("../YSort/YSort_Adu/W_Adu_2__5"), NodePath("../YSort/YSort_Adu/W_Adu_2__6") ]
_ToFadePaths = [ NodePath("../YSort/YSort_Adu/Pouffe_2_"), NodePath("../YSort/YSort_Adu/Clothes"), NodePath("../YSort/YSort_Adu/BedAdult"), NodePath("../Front_Adu/W_Adu_2_"), NodePath("../Front_Adu/W_Adu_2__2"), NodePath("../Front_Adu/WW_Kid_2_"), NodePath("../YSort/YSort_Adu/BedsideTableAdu") ]

[node name="CollisionPolygon2D" type="CollisionPolygon2D" parent="Kid2WallTrigger"]
polygon = PoolVector2Array( -32, -160, 352, 32, 96, 160, -288, -32 )

[node name="Kid1WallTrigger" parent="." instance=ExtResource( 5 )]
visible = false
position = Vector2( 1376, 448 )
_ToHidePaths = [ NodePath("../YSort/YSort_BR/W_SdE_1_"), NodePath("../YSort/YSort_BR/W_SdE_1__2"), NodePath("../YSort/YSort_BR/W_SdE_1__3"), NodePath("../YSort/YSort_BR/W_SdE_1__4"), NodePath("../YSort/YSort_BR/W_SdE_1__5"), NodePath("../YSort/YSort_BR/W_SdE_1__6"), NodePath("../YSort/YSort_BR/SinkBR/Mirror"), NodePath("../YSort/YSort_Cor/W_Room_"), NodePath("../YSort/YSort_Cor/W_Room__2"), NodePath("../YSort/YSort_Kid1/D_White") ]
_ToFadePaths = [ NodePath("../YSort/YSort_Kid2/D_White"), NodePath("../YSort/YSort_Kid2/W_Kid_2__2"), NodePath("../YSort/YSort_Adu/W_Adu_2__7"), NodePath("../YSort/YSort_Adu/W_Adu_2__8"), NodePath("../YSort/YSort_Cor/W_Room__3"), NodePath("../YSort/YSort_Cor/W_Room__4"), NodePath("../YSort/YSort_BR/D_White"), NodePath("../YSort/YSort_BR/SinkBR"), NodePath("../YSort/YSort_BR/Sideboard_2") ]

[node name="CollisionPolygon2D" type="CollisionPolygon2D" parent="Kid1WallTrigger"]
polygon = PoolVector2Array( -32, -160, 352, 32, 96, 160, -288, -32 )

[node name="BRWallTrigger" parent="." instance=ExtResource( 5 )]
visible = false
position = Vector2( 1088, 608 )
_ToHidePaths = [ NodePath("../YSort/YSort_KT/W_SaCu_2_"), NodePath("../YSort/YSort_KT/W_SaCu_2__2"), NodePath("../YSort/YSort_KT/W_SaCu_2__3"), NodePath("../YSort/YSort_KT/W_SaCu_2__4"), NodePath("../YSort/YSort_KT/W_SaCu_2__5"), NodePath("../YSort/YSort_KT/W_SaCu_2__6"), NodePath("../YSort/YSort_Cor/W_Room__3"), NodePath("../YSort/YSort_Cor/W_Room__4"), NodePath("../YSort/YSort_Cor/W_Room__7"), NodePath("../YSort/YSort_Cor/W_Room__8"), NodePath("../YSort/YSort_BR/D_White"), NodePath("../YSort/YSort_Adu/Painting2") ]
_ToFadePaths = [ NodePath("../YSort/YSort_KT/KitchenCounter2_B"), NodePath("../YSort/YSort_KT/KitchenCounter_B"), NodePath("../YSort/YSort_KT/Fridge"), NodePath("../YSort/YSort_KT/SinkKT"), NodePath("../YSort/YSort_Main/D_Coloured_2"), NodePath("../YSort/YSort_Adu/W_Adu_2__10"), NodePath("../YSort/YSort_Adu/W_Adu_2__9"), NodePath("../YSort/YSort_Adu/W_Adu_2__8"), NodePath("../YSort/YSort_Adu/D_White"), NodePath("../YSort/YSort_Main/W_SaCu_3_") ]

[node name="CollisionPolygon2D" type="CollisionPolygon2D" parent="BRWallTrigger"]
polygon = PoolVector2Array( 0, -192, 384, 0, 0, 192, -384, 0 )

[node name="Cor1WallTrigger" parent="." instance=ExtResource( 5 )]
visible = false
position = Vector2( 1472, 672 )
_ToHidePaths = [ NodePath("../YSort/YSort_Kid2/D_White"), NodePath("../YSort/YSort_Kid2/W_Kid_2_"), NodePath("../YSort/YSort_Kid2/W_Kid_2__2"), NodePath("../YSort/YSort_Adu/W_Adu_2__7"), NodePath("../YSort/YSort_Adu/W_Adu_2__8"), NodePath("../YSort/YSort_Adu/W_Adu_2__9"), NodePath("../YSort/YSort_Adu/W_Adu_2__10"), NodePath("../YSort/YSort_Adu/D_White"), NodePath("../YSort/YSort_Main/D_Coloured_2"), NodePath("../YSort/YSort_Adu/Painting2"), NodePath("../YSort/YSort_Adu/WardrobeAdu_2/Candles"), NodePath("../YSort/YSort_Adu/WardrobeAdu_2/Pot_5_") ]
_ToFadePaths = [ NodePath("../YSort/YSort_Adu/W_Adu_2__6"), NodePath("../YSort/YSort_Adu/W_Adu_2__5"), NodePath("../YSort/YSort_Adu/W_Adu_2__4"), NodePath("../YSort/YSort_Main/W_SaCu_3_"), NodePath("../YSort/YSort_Main/W_SaCu_3__2"), NodePath("../YSort/YSort_Main/W_SaCu_3__3"), NodePath("../YSort/YSort_Adu/WardrobeAdu_2"), NodePath("../YSort/YSort_Adu/WardrobeAdu_1") ]

[node name="CollisionPolygon2D" type="CollisionPolygon2D" parent="Cor1WallTrigger"]
polygon = PoolVector2Array( 256, -192, 384, -128, -256, 192, -384, 128 )

[node name="InvisiWall" type="StaticBody2D" parent="."]
position = Vector2( 1552, 1216 )
collision_layer = 2
__meta__ = {
"_edit_group_": true
}

[node name="CollisionPolygon2D" type="CollisionPolygon2D" parent="InvisiWall"]
polygon = PoolVector2Array( -60, 28, 44, -24, 48, -20, -56, 32 )

[node name="YSort" type="YSort" parent="."]

[node name="Character_2" parent="YSort" instance=ExtResource( 91 )]
position = Vector2( 1548.5, 1170.23 )
_AnimatorHandlerPath = NodePath("../../../Level_15/YSort/Character_2/AnimationPlayer")
_StartingDirection = Vector2( -1, -1 )

[node name="Character" parent="YSort" instance=ExtResource( 1 )]
position = Vector2( 1484.93, 1205.19 )
_AnimatorHandlerPath = NodePath("../../../Level_15/YSort/Character/AnimationPlayer")
_StartingDirection = Vector2( -1, -1 )

[node name="YSort_KT" type="YSort" parent="YSort"]
position = Vector2( 672, 832 )

[node name="SinkKT" parent="YSort/YSort_KT" instance=ExtResource( 6 )]
position = Vector2( 96, -160 )
rotation = 3.14159
scale = Vector2( 1, -1 )

[node name="Oven" parent="YSort/YSort_KT" instance=ExtResource( 9 )]
position = Vector2( -160, -96 )

[node name="TrashCan" parent="YSort/YSort_KT" instance=ExtResource( 7 )]
position = Vector2( -424, 24 )
_SpritePath = NodePath("../../../../Level_15/YSort/YSort_KT/TrashCan/Sprite")
_RigidBodyPath = NodePath("../../../../Level_15/YSort/YSort_KT/TrashCan/StaticBody2D")
_OutlinePath = NodePath("../../../../Level_15/YSort/YSort_KT/TrashCan/Outline")
_FXPath = NodePath("../../../../Level_15/YSort/YSort_KT/TrashCan/FX")

[node name="KitchenCounter2_B_3" parent="YSort/YSort_KT" instance=ExtResource( 36 )]
position = Vector2( 32, 128 )

[node name="KitchenCounter2_B_4" parent="YSort/YSort_KT" instance=ExtResource( 36 )]
position = Vector2( 96, 96 )

[node name="KitchenCounter2_B_5" parent="YSort/YSort_KT" instance=ExtResource( 36 )]
position = Vector2( 160, 64 )

[node name="KitchenCounter2_B_6" parent="YSort/YSort_KT" instance=ExtResource( 36 )]
position = Vector2( 224, 32 )

[node name="KitchenCounter2_B" parent="YSort/YSort_KT" instance=ExtResource( 36 )]
position = Vector2( 32, -192 )

[node name="KitchenCounter_B" parent="YSort/YSort_KT" instance=ExtResource( 35 )]
position = Vector2( -32, -160 )

[node name="KitchenCounter_B_2" parent="YSort/YSort_KT" instance=ExtResource( 35 )]
position = Vector2( -96, -128 )

[node name="KitchenCounter_B_3" parent="YSort/YSort_KT" instance=ExtResource( 35 )]
position = Vector2( 160, -128 )
scale = Vector2( -1, 1 )

[node name="Fridge" parent="YSort/YSort_KT" instance=ExtResource( 22 )]
position = Vector2( 224, -96 )
scale = Vector2( -1, 1 )

[node name="W_SaCu_2_" parent="YSort/YSort_KT" instance=ExtResource( 26 )]
position = Vector2( 32, -224 )

[node name="W_SaCu_2__2" parent="YSort/YSort_KT" instance=ExtResource( 26 )]
position = Vector2( 96, -192 )

[node name="W_SaCu_2__3" parent="YSort/YSort_KT" instance=ExtResource( 26 )]
position = Vector2( 160, -160 )

[node name="W_SaCu_2__4" parent="YSort/YSort_KT" instance=ExtResource( 26 )]
position = Vector2( 224, -128 )

[node name="W_SaCu_2__5" parent="YSort/YSort_KT" instance=ExtResource( 26 )]
position = Vector2( 288, -96 )

[node name="W_SaCu_2__6" parent="YSort/YSort_KT" instance=ExtResource( 26 )]
position = Vector2( 352, -64 )

[node name="DishWasher" parent="YSort/YSort_KT" instance=ExtResource( 43 )]
position = Vector2( -224, -64 )

[node name="lumiere" type="Sprite" parent="YSort/YSort_KT"]
position = Vector2( -288, -32 )
texture = ExtResource( 79 )

[node name="lumiere_2" type="Sprite" parent="YSort/YSort_KT"]
position = Vector2( -352, 0 )
texture = ExtResource( 79 )

[node name="YSort_BR" type="YSort" parent="YSort"]
position = Vector2( 1088, 608 )

[node name="WC" parent="YSort/YSort_BR" instance=ExtResource( 12 )]
position = Vector2( -104, -120 )

[node name="Shower" parent="YSort/YSort_BR" instance=ExtResource( 27 )]
position = Vector2( -280, -24 )
_SpritePath = NodePath("../../../../Level_15/YSort/YSort_BR/Shower/Sprite")
_RigidBodyPath = NodePath("../../../../Level_15/YSort/YSort_BR/Shower/StaticBody2D")
_OutlinePath = NodePath("../../../../Level_15/YSort/YSort_BR/Shower/Outline")
_FXPath = NodePath("../../../../Level_15/YSort/YSort_BR/Shower/FX")

[node name="SinkBR" parent="YSort/YSort_BR" instance=ExtResource( 8 )]
position = Vector2( 128, -96 )
scale = Vector2( -1, 1 )
_SpritePath = NodePath("../../../../Level_15/YSort/YSort_BR/SinkBR/Sprite")
_RigidBodyPath = NodePath("../../../../Level_15/YSort/YSort_BR/SinkBR/StaticBody2D")
_OutlinePath = NodePath("../../../../Level_15/YSort/YSort_BR/SinkBR/Outline")
_FXPath = NodePath("../../../../Level_15/YSort/YSort_BR/SinkBR/FX")

[node name="Mirror" parent="YSort/YSort_BR/SinkBR" instance=ExtResource( 18 )]
show_behind_parent = true
position = Vector2( -24, -136 )
rotation = -2.53518e-06
_SpritePath = NodePath("../../../../../Level_15/YSort/YSort_BR/SinkBR/Mirror/Sprite")

[node name="D_White" parent="YSort/YSort_BR" instance=ExtResource( 20 )]
position = Vector2( 192, 64 )
scale = Vector2( -1, 1 )

[node name="W_SdE_1_" parent="YSort/YSort_BR" instance=ExtResource( 31 )]
position = Vector2( 0, -192 )

[node name="W_SdE_1__2" parent="YSort/YSort_BR" instance=ExtResource( 31 )]
position = Vector2( 64, -160 )

[node name="W_SdE_1__3" parent="YSort/YSort_BR" instance=ExtResource( 31 )]
position = Vector2( 128, -128 )

[node name="W_SdE_1__4" parent="YSort/YSort_BR" instance=ExtResource( 31 )]
position = Vector2( 192, -96 )

[node name="W_SdE_1__5" parent="YSort/YSort_BR" instance=ExtResource( 31 )]
position = Vector2( 256, -64 )

[node name="W_SdE_1__6" parent="YSort/YSort_BR" instance=ExtResource( 31 )]
position = Vector2( 320, -32 )

[node name="obj_tapis" type="Sprite" parent="YSort/YSort_BR"]
position = Vector2( -200, 4 )
texture = ExtResource( 50 )

[node name="obj_tapis_2" type="Sprite" parent="YSort/YSort_BR"]
position = Vector2( -60, -108 )
texture = ExtResource( 49 )

[node name="obj_tapis_3" type="Sprite" parent="YSort/YSort_BR"]
position = Vector2( 76, -72 )
rotation = 3.14159
scale = Vector2( 1, -1 )
texture = ExtResource( 49 )

[node name="Sideboard_2" parent="YSort/YSort_BR" instance=ExtResource( 60 )]
position = Vector2( 280, -48 )
rotation = 3.14159
scale = Vector2( 1, -1 )

[node name="YSort_Kid1" type="YSort" parent="YSort"]
position = Vector2( 1408, 448 )

[node name="D_White" parent="YSort/YSort_Kid1" instance=ExtResource( 20 )]
position = Vector2( 192, 64 )
scale = Vector2( -1, 1 )

[node name="WardrobeKid_1_B" parent="YSort/YSort_Kid1" instance=ExtResource( 58 )]
position = Vector2( -124, 24 )

[node name="WardrobeKid_1_B_2" parent="YSort/YSort_Kid1" instance=ExtResource( 58 )]
position = Vector2( -56, 60 )

[node name="Pouffe_3_" parent="YSort/YSort_Kid1" instance=ExtResource( 59 )]
position = Vector2( 188, 8 )

[node name="Mirror" parent="YSort/YSort_Kid1" instance=ExtResource( 18 )]
position = Vector2( 172, -156 )
rotation = 3.14159
scale = Vector2( 1, -1 )

[node name="BedChild2" parent="YSort/YSort_Kid1" instance=ExtResource( 10 )]
position = Vector2( -16, -88 )

[node name="BedsideTableKid" parent="YSort/YSort_Kid1" instance=ExtResource( 62 )]
position = Vector2( -164, -96 )

[node name="Lamp_1" parent="YSort/YSort_Kid1/BedsideTableKid" instance=ExtResource( 63 )]
position = Vector2( 0, -36 )
rotation = 3.14159
scale = Vector2( 1, -1 )

[node name="YSort_Cor" type="YSort" parent="YSort"]
position = Vector2( 1408, 448 )

[node name="W_Room_" parent="YSort/YSort_Cor" instance=ExtResource( 37 )]
position = Vector2( 320, 32 )
rotation = 3.14159
scale = Vector2( 1, -1 )

[node name="W_Room__2" parent="YSort/YSort_Cor" instance=ExtResource( 37 )]
position = Vector2( 128, 128 )
rotation = 3.14159
scale = Vector2( 1, -1 )

[node name="W_Room__3" parent="YSort/YSort_Cor" instance=ExtResource( 37 )]
position = Vector2( 64, 160 )
rotation = 3.14159
scale = Vector2( 1, -1 )

[node name="W_Room__4" parent="YSort/YSort_Cor" instance=ExtResource( 37 )]
position = Vector2( 0, 192 )
rotation = 3.14159
scale = Vector2( 1, -1 )

[node name="W_Room__7" parent="YSort/YSort_Cor" instance=ExtResource( 37 )]
position = Vector2( -192, 288 )
rotation = 3.14159
scale = Vector2( 1, -1 )

[node name="W_Room__8" parent="YSort/YSort_Cor" instance=ExtResource( 37 )]
position = Vector2( -256, 320 )
rotation = 3.14159
scale = Vector2( 1, -1 )

[node name="YSort_Kid2" type="YSort" parent="YSort"]
position = Vector2( 1888, 704 )

[node name="BedChild1" parent="YSort/YSort_Kid2" instance=ExtResource( 73 )]
position = Vector2( 200, 56 )
scale = Vector2( -1, 1 )

[node name="D_White" parent="YSort/YSort_Kid2" instance=ExtResource( 20 )]
position = Vector2( -160, -128 )
scale = Vector2( -1, 1 )

[node name="W_Kid_2_" parent="YSort/YSort_Kid2" instance=ExtResource( 34 )]
position = Vector2( -32, -160 )
rotation = 3.14159
scale = Vector2( 1, -1 )

[node name="W_Kid_2__2" parent="YSort/YSort_Kid2" instance=ExtResource( 34 )]
position = Vector2( -224, -64 )
rotation = 3.14159
scale = Vector2( 1, -1 )

[node name="BedsideTableKid" parent="YSort/YSort_Kid2" instance=ExtResource( 62 )]
position = Vector2( 212, -32 )
rotation = 3.14159
scale = Vector2( 1, -1 )

[node name="Lamp_1" parent="YSort/YSort_Kid2/BedsideTableKid" instance=ExtResource( 63 )]
position = Vector2( 0, -36 )
rotation = 3.14159
scale = Vector2( 1, -1 )

[node name="WardrobeKid_2" parent="YSort/YSort_Kid2" instance=ExtResource( 54 )]
position = Vector2( 28, -104 )
rotation = 3.14159
scale = Vector2( 1, -1 )

[node name="Portrait" parent="YSort/YSort_Kid2/WardrobeKid_2" instance=ExtResource( 55 )]
position = Vector2( 8, -60 )
rotation = 3.14159
scale = Vector2( 1, -1 )

[node name="Pot_2_" parent="YSort/YSort_Kid2/WardrobeKid_2" instance=ExtResource( 51 )]
position = Vector2( -20, -52 )

[node name="WardrobeKid_1" parent="YSort/YSort_Kid2" instance=ExtResource( 52 )]
position = Vector2( 96, -68 )
rotation = 3.14159
scale = Vector2( 1, -1 )

[node name="Painting1" parent="YSort/YSort_Kid2" instance=ExtResource( 57 )]
position = Vector2( 148, -84 )
rotation = 3.14159
scale = Vector2( 1, -1 )

[node name="obj_tapis" type="Sprite" parent="YSort/YSort_Kid2"]
position = Vector2( -20, -28 )
texture = ExtResource( 56 )

[node name="Pouffe_1_" parent="YSort/YSort_Kid2" instance=ExtResource( 53 )]
position = Vector2( -176, -24 )

[node name="YSort_Adu" type="YSort" parent="YSort"]
position = Vector2( 1600, 864 )

[node name="Clothes" parent="YSort/YSort_Adu" instance=ExtResource( 32 )]
position = Vector2( 96, -136 )
scale = Vector2( -1, 1 )
_SpritePath = NodePath("../../../../Level_15/YSort/YSort_Adu/Clothes/Sprite")
_RigidBodyPath = NodePath("../../../../Level_15/YSort/YSort_Adu/Clothes/StaticBody2D")
_OutlinePath = NodePath("../../../../Level_15/YSort/YSort_Adu/Clothes/Outline")
_FXPath = NodePath("../../../../Level_15/YSort/YSort_Adu/Clothes/FX")

[node name="BedAdult" parent="YSort/YSort_Adu" instance=ExtResource( 17 )]
position = Vector2( 192, -32 )
scale = Vector2( -1, 1 )
_SpritePath = NodePath("../../../../Level_15/YSort/YSort_Adu/BedAdult/Sprite")
_RigidBodyPath = NodePath("../../../../Level_15/YSort/YSort_Adu/BedAdult/StaticBody2D")
_OutlinePath = NodePath("../../../../Level_15/YSort/YSort_Adu/BedAdult/Outline")
_FXPath = NodePath("../../../../Level_15/YSort/YSort_Adu/BedAdult/FX")

[node name="Sofa_B" parent="YSort/YSort_Adu" instance=ExtResource( 21 )]
position = Vector2( 48, 112 )
rotation = 3.14159
scale = Vector2( 1, -1 )

[node name="D_White" parent="YSort/YSort_Adu" instance=ExtResource( 20 )]
position = Vector2( -192, -128 )
scale = Vector2( -1, 1 )

[node name="W_Adu_2_" parent="YSort/YSort_Adu" instance=ExtResource( 33 )]
position = Vector2( 320, -32 )

[node name="W_Adu_2__2" parent="YSort/YSort_Adu" instance=ExtResource( 33 )]
position = Vector2( 256, -64 )

[node name="W_Adu_2__3" parent="YSort/YSort_Adu" instance=ExtResource( 33 )]
position = Vector2( 192, -96 )

[node name="W_Adu_2__4" parent="YSort/YSort_Adu" instance=ExtResource( 33 )]
position = Vector2( 128, -128 )

[node name="W_Adu_2__5" parent="YSort/YSort_Adu" instance=ExtResource( 33 )]
position = Vector2( 64, -160 )

[node name="W_Adu_2__6" parent="YSort/YSort_Adu" instance=ExtResource( 33 )]
position = Vector2( 0, -192 )

[node name="W_Adu_2__7" parent="YSort/YSort_Adu" instance=ExtResource( 33 )]
position = Vector2( 0, -192 )
rotation = 3.14159
scale = Vector2( 1, -1 )

[node name="W_Adu_2__8" parent="YSort/YSort_Adu" instance=ExtResource( 33 )]
position = Vector2( -64, -160 )
rotation = 3.14159
scale = Vector2( 1, -1 )

[node name="W_Adu_2__9" parent="YSort/YSort_Adu" instance=ExtResource( 33 )]
position = Vector2( -256, -64 )
rotation = 3.14159
scale = Vector2( 1, -1 )

[node name="W_Adu_2__10" parent="YSort/YSort_Adu" instance=ExtResource( 33 )]
position = Vector2( -320, -32 )
rotation = 3.14159
scale = Vector2( 1, -1 )

[node name="W_Adu_2__11" parent="YSort/YSort_Adu" instance=ExtResource( 33 )]
position = Vector2( 128, 128 )
rotation = 3.14159
scale = Vector2( 1, -1 )

[node name="W_Adu_2__12" parent="YSort/YSort_Adu" instance=ExtResource( 33 )]
position = Vector2( 64, 160 )
rotation = 3.14159
scale = Vector2( 1, -1 )

[node name="obj_tapis" type="Sprite" parent="YSort/YSort_Adu"]
position = Vector2( -84, 36 )
rotation = 3.14159
scale = Vector2( 1, -1 )
texture = ExtResource( 56 )

[node name="Pouffe_2_" parent="YSort/YSort_Adu" instance=ExtResource( 72 )]
position = Vector2( -4, -148 )

[node name="BedsideTableAdu" parent="YSort/YSort_Adu" instance=ExtResource( 71 )]
position = Vector2( 320, -20 )
rotation = 3.14159
scale = Vector2( 1, -1 )

[node name="WardrobeAdu_1" parent="YSort/YSort_Adu" instance=ExtResource( 69 )]
position = Vector2( -320, -8 )

[node name="WardrobeAdu_2" parent="YSort/YSort_Adu" instance=ExtResource( 70 )]
position = Vector2( -252, -40 )

[node name="Candles" parent="YSort/YSort_Adu/WardrobeAdu_2" instance=ExtResource( 65 )]
position = Vector2( 8, -64 )

[node name="Pot_5_" parent="YSort/YSort_Adu/WardrobeAdu_2" instance=ExtResource( 64 )]
position = Vector2( -12, -48 )

[node name="Painting2" parent="YSort/YSort_Adu" instance=ExtResource( 66 )]
position = Vector2( -288, -56 )

[node name="YSort_Main" type="YSort" parent="YSort"]
position = Vector2( 1152, 1088 )

[node name="ChairFront" parent="YSort/YSort_Main" instance=ExtResource( 29 )]
position = Vector2( -76, -128 )
_SpritePath = NodePath("../../../../Level_15/YSort/YSort_Main/ChairFront/Sprite")

[node name="ChairFront_2" parent="YSort/YSort_Main" instance=ExtResource( 29 )]
position = Vector2( -2, -78 )
_SpritePath = NodePath("../../../../Level_15/YSort/YSort_Main/ChairFront_2/Sprite")

[node name="ChairBack" parent="YSort/YSort_Main" instance=ExtResource( 30 )]
position = Vector2( -232, -38 )
_SpritePath = NodePath("../../../../Level_15/YSort/YSort_Main/ChairBack/Sprite")

[node name="ChairBack_2" parent="YSort/YSort_Main" instance=ExtResource( 30 )]
position = Vector2( -198, -2 )
_SpritePath = NodePath("../../../../Level_15/YSort/YSort_Main/ChairBack_2/Sprite")

[node name="TableLarge" parent="YSort/YSort_Main" instance=ExtResource( 48 )]
position = Vector2( -134, -76 )
rotation = -3.14159
scale = Vector2( 1, -1 )
_SpritePath = NodePath("../../../../Level_15/YSort/YSort_Main/TableLarge/Sprite")
_RigidBodyPath = NodePath("../../../../Level_15/YSort/YSort_Main/TableLarge/StaticBody2D")
_OutlinePath = NodePath("../../../../Level_15/YSort/YSort_Main/TableLarge/Outline")
_FXPath = NodePath("../../../../Level_15/YSort/YSort_Main/TableLarge/FX")

[node name="Plant2" parent="YSort/YSort_Main" instance=ExtResource( 83 )]
position = Vector2( -144, 168 )
_SpritePath = NodePath("../../../../Level_15/YSort/YSort_Main/Plant2/Sprite")
_RigidBodyPath = NodePath("../../../../Level_15/YSort/YSort_Main/Plant2/StaticBody2D")
_OutlinePath = NodePath("../../../../Level_15/YSort/YSort_Main/Plant2/Outline")
_FXPath = NodePath("../../../../Level_15/YSort/YSort_Main/Plant2/FX")

[node name="Plant1" parent="YSort/YSort_Main" instance=ExtResource( 82 )]
position = Vector2( 64, -200 )

[node name="Sofa" parent="YSort/YSort_Main" instance=ExtResource( 44 )]
position = Vector2( 104, 96 )
_SpritePath = NodePath("../../../../Level_15/YSort/YSort_Main/Sofa/Sprite")

[node name="TV" parent="YSort/YSort_Main" instance=ExtResource( 47 )]
position = Vector2( -64, 192 )
_SpritePath = NodePath("../../../../Level_15/YSort/YSort_Main/TV/Sprite")

[node name="D_Coloured_2" parent="YSort/YSort_Main" instance=ExtResource( 23 )]
position = Vector2( 0, -288 )

[node name="W_SaCu_3_" parent="YSort/YSort_Main" instance=ExtResource( 28 )]
position = Vector2( 64, -224 )

[node name="W_SaCu_3__2" parent="YSort/YSort_Main" instance=ExtResource( 28 )]
position = Vector2( 128, -192 )

[node name="W_SaCu_3__3" parent="YSort/YSort_Main" instance=ExtResource( 28 )]
position = Vector2( 192, -160 )

[node name="W_SaCu_3__4" parent="YSort/YSort_Main" instance=ExtResource( 28 )]
position = Vector2( 256, -128 )

[node name="W_SaCu_3__5" parent="YSort/YSort_Main" instance=ExtResource( 28 )]
position = Vector2( 320, -96 )

[node name="W_SaCu_3__6" parent="YSort/YSort_Main" instance=ExtResource( 28 )]
position = Vector2( 384, -64 )

[node name="W_SaCu_3__7" parent="YSort/YSort_Main" instance=ExtResource( 28 )]
position = Vector2( 448, -32 )

[node name="W_SaCu_3__8" parent="YSort/YSort_Main" instance=ExtResource( 28 )]
position = Vector2( 512, 0 )

[node name="obj_tapis" type="Sprite" parent="YSort/YSort_Main"]
position = Vector2( -44, -104 )
texture = ExtResource( 74 )

[node name="Sideboard_1" parent="YSort/YSort_Main" instance=ExtResource( 68 )]
position = Vector2( 212, -144 )
rotation = 3.14159
scale = Vector2( 1, -1 )

[node name="Lamp_2" parent="YSort/YSort_Main/Sideboard_1" instance=ExtResource( 67 )]
position = Vector2( 16, -48 )

[node name="Sideboard_2" parent="YSort/YSort_Main" instance=ExtResource( 60 )]
position = Vector2( 276, -112 )
rotation = 3.14159
scale = Vector2( 1, -1 )

[node name="Portrait" parent="YSort/YSort_Main/Sideboard_2" instance=ExtResource( 55 )]
position = Vector2( 12, -48 )
rotation = 3.14159
scale = Vector2( 1, -1 )

[node name="Sofa_B" parent="YSort/YSort_Main" instance=ExtResource( 21 )]
position = Vector2( 136, 192 )
rotation = 3.14159
scale = Vector2( 1, -1 )

[node name="Garland" parent="YSort/YSort_Main" instance=ExtResource( 61 )]
position = Vector2( 240, -124 )

[node name="Garland_2" parent="YSort/YSort_Main" instance=ExtResource( 61 )]
position = Vector2( 392, -52 )

[node name="Plant1" parent="YSort" instance=ExtResource( 82 )]
position = Vector2( 1768, 520 )

[node name="Front_KT" type="Node2D" parent="."]
rotation = 3.14159
scale = Vector2( 1, -1 )

[node name="W_SaCu_2_" parent="Front_KT" instance=ExtResource( 26 )]
position = Vector2( -191.998, 864 )
rotation = 3.14159
scale = Vector2( 1, -1 )

[node name="W_SaCu_2__2" parent="Front_KT" instance=ExtResource( 26 )]
position = Vector2( -255.998, 896 )
rotation = 3.14159
scale = Vector2( 1, -1 )

[node name="W_SaCu_2__5" parent="Front_KT" instance=ExtResource( 26 )]
position = Vector2( -447.998, 992.001 )
rotation = 3.14159
scale = Vector2( 1, -1 )

[node name="W_SaCu_2__6" parent="Front_KT" instance=ExtResource( 26 )]
position = Vector2( -511.998, 1024 )
rotation = 3.14159
scale = Vector2( 1, -1 )

[node name="WW_SaCu_1_" parent="Front_KT" instance=ExtResource( 77 )]
position = Vector2( -319.999, 928 )
rotation = 3.14159
scale = Vector2( 1, -1 )

[node name="WW_SaCu_1__2" parent="Front_KT" instance=ExtResource( 77 )]
position = Vector2( -383.998, 960.001 )
rotation = 3.14159
scale = Vector2( 1, -1 )

[node name="Front_Adu" type="Node2D" parent="."]

[node name="W_Adu_2_" parent="Front_Adu" instance=ExtResource( 33 )]
position = Vector2( 1984, 864 )
rotation = 3.14159
scale = Vector2( 1, -1 )

[node name="W_Adu_2__2" parent="Front_Adu" instance=ExtResource( 33 )]
position = Vector2( 1920, 896 )
rotation = 3.14159
scale = Vector2( 1, -1 )

[node name="WW_Kid_2_" parent="Front_Adu" instance=ExtResource( 76 )]
position = Vector2( 1856, 928 )
rotation = -3.14159
scale = Vector2( 1, -1 )
_WindowSpritePath = NodePath("../../Front_Adu/WW_Kid_2_/Sprite_2")

[node name="WW_Kid_2__2" parent="Front_Adu" instance=ExtResource( 76 )]
position = Vector2( 1792, 960 )
rotation = -3.14159
scale = Vector2( 1, -1 )
_WindowSpritePath = NodePath("../../Front_Adu/WW_Kid_2__2/Sprite_2")

[node name="Front_Main" type="Node2D" parent="."]

[node name="D_Coloured" parent="Front_Main" instance=ExtResource( 23 )]
position = Vector2( 1536, 1184 )
rotation = 3.14159
scale = Vector2( 1, -1 )

[node name="W_SaCu_3_" parent="Front_Main" instance=ExtResource( 28 )]
position = Vector2( 576, 1056 )
_STARTING_LOWERED = true

[node name="W_SaCu_3__2" parent="Front_Main" instance=ExtResource( 28 )]
position = Vector2( 640, 1088 )
_STARTING_LOWERED = true

[node name="W_SaCu_3__5" parent="Front_Main" instance=ExtResource( 28 )]
position = Vector2( 832, 1184 )
_STARTING_LOWERED = true

[node name="W_SaCu_3__6" parent="Front_Main" instance=ExtResource( 28 )]
position = Vector2( 896, 1216 )
_STARTING_LOWERED = true

[node name="W_SaCu_3__7" parent="Front_Main" instance=ExtResource( 28 )]
position = Vector2( 960, 1248 )
_STARTING_LOWERED = true

[node name="W_SaCu_3__10" parent="Front_Main" instance=ExtResource( 28 )]
position = Vector2( 1152, 1344 )
_STARTING_LOWERED = true

[node name="W_SaCu_6_" parent="Front_Main" instance=ExtResource( 25 )]
position = Vector2( 1280, 1344 )
rotation = 3.14159
scale = Vector2( 1, -1 )
_STARTING_LOWERED = true

[node name="W_SaCu_6__2" parent="Front_Main" instance=ExtResource( 25 )]
position = Vector2( 1344, 1312 )
rotation = 3.14159
scale = Vector2( 1, -1 )
_STARTING_LOWERED = true

[node name="W_SaCu_6__3" parent="Front_Main" instance=ExtResource( 25 )]
position = Vector2( 1408, 1280 )
rotation = 3.14159
scale = Vector2( 1, -1 )
_STARTING_LOWERED = true

[node name="W_SaCu_6__4" parent="Front_Main" instance=ExtResource( 25 )]
position = Vector2( 1472, 1248 )
rotation = 3.14159
scale = Vector2( 1, -1 )
_STARTING_LOWERED = true

[node name="W_SaCu_6__5" parent="Front_Main" instance=ExtResource( 25 )]
position = Vector2( 1664, 1152 )
rotation = 3.14159
scale = Vector2( 1, -1 )
_STARTING_LOWERED = true

[node name="W_SaCu_6__6" parent="Front_Main" instance=ExtResource( 25 )]
position = Vector2( 1728, 1120 )
rotation = 3.14159
scale = Vector2( 1, -1 )
_STARTING_LOWERED = true

[node name="WW_SaCu_1_" parent="Front_Main" instance=ExtResource( 77 )]
position = Vector2( 1024, 1280 )
_STARTING_LOWERED = true

[node name="WW_SaCu_1__2" parent="Front_Main" instance=ExtResource( 77 )]
position = Vector2( 1088, 1312 )
_STARTING_LOWERED = true

[node name="W_Win_3_" parent="Front_Main" instance=ExtResource( 24 )]
position = Vector2( 704, 1120 )
_STARTING_LOWERED = true

[node name="W_Win_2_" parent="Front_Main" instance=ExtResource( 11 )]
position = Vector2( 768, 1152 )
_STARTING_LOWERED = true

[node name="Front_Kid1" type="Node2D" parent="."]

[node name="W_Kid_2_" parent="Front_Kid1" instance=ExtResource( 34 )]
position = Vector2( 2240, 736 )
rotation = 3.14159
scale = Vector2( 1, -1 )

[node name="W_Kid_2__4" parent="Front_Kid1" instance=ExtResource( 34 )]
position = Vector2( 2048, 832 )
rotation = 3.14159
scale = Vector2( 1, -1 )

[node name="WW_Kid_2_" parent="Front_Kid1" instance=ExtResource( 76 )]
position = Vector2( 2176, 768 )
rotation = 3.14159
scale = Vector2( 1, -1 )

[node name="WW_Kid_2__2" parent="Front_Kid1" instance=ExtResource( 76 )]
position = Vector2( 2112, 800 )
rotation = 3.14159
scale = Vector2( 1, -1 )

[node name="CameraRig" parent="." instance=ExtResource( 4 )]
position = Vector2( 670, 882 )
_Camera2DPath = NodePath("../../Level_15/CameraRig/Camera2D")
