[gd_scene load_steps=37 format=2]

[ext_resource path="res://Scenes/Actors/Man.tscn" type="PackedScene" id=1]
[ext_resource path="res://Resources/Tilesets/Walls.tres" type="TileSet" id=2]
[ext_resource path="res://Resources/Tilesets/Floors.tres" type="TileSet" id=3]
[ext_resource path="res://Scenes/CameraRig.tscn" type="PackedScene" id=4]
[ext_resource path="res://Scenes/Actors/Environment/WallTrigger.tscn" type="PackedScene" id=5]
[ext_resource path="res://Scenes/Actors/Environment/Furnitures/Tasks/Shower_F_D.tscn" type="PackedScene" id=6]
[ext_resource path="res://Scenes/Actors/Tasks/TableSmall.tscn" type="PackedScene" id=7]
[ext_resource path="res://Scenes/Actors/Tasks/SinkKT.tscn" type="PackedScene" id=8]
[ext_resource path="res://Scenes/Actors/Environment/Furnitures/Tasks/WC_F_D.tscn" type="PackedScene" id=9]
[ext_resource path="res://Scenes/Actors/Tasks/Oven.tscn" type="PackedScene" id=10]
[ext_resource path="res://Scenes/Actors/Tasks/TrashCan.tscn" type="PackedScene" id=11]
[ext_resource path="res://Scenes/Actors/Environment/Furnitures/Tasks/SinkBR_F_D.tscn" type="PackedScene" id=12]
[ext_resource path="res://Scenes/Actors/Environment/Furnitures/Lamp_1.tscn" type="PackedScene" id=13]
[ext_resource path="res://Scenes/Actors/Environment/Furnitures/Sofa.tscn" type="PackedScene" id=14]
[ext_resource path="res://Scenes/Actors/Environment/Furnitures/ChairFront.tscn" type="PackedScene" id=15]
[ext_resource path="res://Scenes/Actors/Environment/Furnitures/Sideboard_1.tscn" type="PackedScene" id=16]
[ext_resource path="res://Scenes/Actors/Environment/Furnitures/Tasks/BedAdult_F_D.tscn" type="PackedScene" id=17]
[ext_resource path="res://Graphics/Decor/Objects/Salle_de_bain_WC/obj_miroir.png" type="Texture" id=18]
[ext_resource path="res://Graphics/Decor/Walls/mur_salon-cuisine_4_flip.png" type="Texture" id=19]
[ext_resource path="res://Scenes/Actors/Environment/Furnitures/WardrobeAdu_1.tscn" type="PackedScene" id=20]
[ext_resource path="res://Scenes/Actors/Environment/DynamicWalls/WW_SaCu_5.tscn" type="PackedScene" id=21]
[ext_resource path="res://Scenes/Actors/Environment/Furnitures/Fridge.tscn" type="PackedScene" id=22]
[ext_resource path="res://Scenes/Actors/Environment/D_Coloured.tscn" type="PackedScene" id=23]
[ext_resource path="res://Scenes/Actors/Environment/Furnitures/TV.tscn" type="PackedScene" id=24]
[ext_resource path="res://Graphics/Decor/Objects/Chambre_adulte/obj_commode_2.png" type="Texture" id=25]
[ext_resource path="res://Graphics/Decor/Objects/Cuisine/obj_tapis_2.png" type="Texture" id=26]
[ext_resource path="res://Scenes/Actors/Environment/Furnitures/ChairBack.tscn" type="PackedScene" id=27]
[ext_resource path="res://Graphics/Decor/Objects/Cuisine/obj_tapis_3.png" type="Texture" id=28]
[ext_resource path="res://Graphics/Decor/Objects/Cuisine/obj_pot_1.png" type="Texture" id=29]
[ext_resource path="res://Graphics/Decor/Objects/Cuisine/obj_caisson.png" type="Texture" id=30]
[ext_resource path="res://Graphics/Decor/Objects/Cuisine/obj_etagere_2.png" type="Texture" id=32]
[ext_resource path="res://Graphics/Decor/Objects/Cuisine/obj_pot_3.png" type="Texture" id=33]
[ext_resource path="res://Graphics/Decor/Objects/Cuisine/obj_pot_4.png" type="Texture" id=34]
[ext_resource path="res://Graphics/Decor/Objects/Cuisine/obj_pot_5.png" type="Texture" id=35]
[ext_resource path="res://Scenes/Actors/Environment/DynamicWalls/W_SaCu_5.tscn" type="PackedScene" id=36]
[ext_resource path="res://Scenes/Actors/Environment/DynamicWalls/W_SaCu_4.tscn" type="PackedScene" id=37]

[node name="Level_1" type="Node2D"]

[node name="Floor" type="TileMap" parent="."]
mode = 1
tile_set = ExtResource( 3 )
cell_size = Vector2( 128, 64 )
collision_layer = 0
collision_mask = 0
format = 1
tile_data = PoolIntArray( -327662, 536870916, 0, -327661, 536870916, 0, -262126, 536870916, 0, -262125, 536870916, 0, -196590, 536870916, 0, -196589, 536870916, 0, -131054, 536870916, 0, -131053, 536870916, 0, -65524, 2, 0, -65523, 2, 0, -65522, 2, 0, -65521, 3, 0, -65520, 536870915, 0, -65519, 3, 0, -65518, 536870915, 0, -65517, 3, 0, -65516, 536870915, 0, -65515, 3, 0, 12, 2, 0, 13, 2, 0, 14, 2, 0, 15, 536870915, 0, 16, 3, 0, 17, 536870915, 0, 18, 3, 0, 19, 536870915, 0, 20, 3, 0, 21, 536870915, 0, 65548, 2, 0, 65549, 2, 0, 65550, 2, 0, 65551, 3, 0, 65552, 536870915, 0, 65553, 3, 0, 65554, 536870915, 0, 65555, 3, 0, 65556, 536870915, 0, 65557, 3, 0, 131084, 2, 0, 131085, 2, 0, 131086, 2, 0, 131087, 536870915, 0, 131088, 3, 0, 131089, 536870915, 0, 131090, 3, 0, 131091, 536870915, 0, 131092, 3, 0, 131093, 536870915, 0, 196620, 536870915, 0, 196621, 3, 0, 196622, 536870915, 0, 196623, 3, 0, 196624, 536870915, 0, 196625, 3, 0, 196626, 536870915, 0, 196627, 3, 0, 196628, 536870915, 0, 196629, 3, 0, 262156, 3, 0, 262157, 536870915, 0, 262158, 3, 0, 262159, 536870915, 0, 262160, 3, 0, 262161, 536870915, 0, 262162, 3, 0, 262163, 536870915, 0, 262164, 3, 0, 262165, 536870915, 0, 327692, 536870915, 0, 327693, 3, 0, 327694, 536870915, 0, 327695, 3, 0, 327696, 536870915, 0, 327697, 3, 0, 327698, 536870915, 0, 327699, 3, 0, 327700, 536870915, 0, 327701, 3, 0, 393228, 3, 0, 393229, 536870915, 0, 393230, 3, 0, 393231, 536870915, 0, 393232, 3, 0, 393233, 536870915, 0, 393234, 3, 0, 393235, 536870915, 0, 393236, 3, 0, 393237, 536870915, 0 )

[node name="Walls" type="TileMap" parent="."]
mode = 1
tile_set = ExtResource( 2 )
cell_size = Vector2( 128, 64 )
collision_layer = 2
format = 1
tile_data = PoolIntArray( -393198, 37, 0, -393197, 37, 0, -327663, 34, 0, -262127, 34, 0, -196591, 34, 0, -131060, 23, 0, -131059, 23, 0, -131058, 23, 0, -131057, 23, 0, -131056, 23, 0, -131055, 34, 0, -65525, 24, 0, 11, 24, 0, 65547, 24, 0, 262155, 24, 0, 327691, 24, 0, 393227, 24, 0 )

[node name="Back_Main" type="Node2D" parent="."]

[node name="WW_SaCu_5_" parent="Back_Main" instance=ExtResource( 21 )]
position = Vector2( 576, 480 )
scale = Vector2( -1, 1 )

[node name="WW_SaCu_5__2" parent="Back_Main" instance=ExtResource( 21 )]
position = Vector2( 640, 448 )
scale = Vector2( -1, 1 )

[node name="mur_salon-cuisine_4_flip" type="Sprite" parent="Back_Main"]
position = Vector2( 1184, 416 )
texture = ExtResource( 19 )

[node name="StaticBody2D" type="StaticBody2D" parent="Back_Main/mur_salon-cuisine_4_flip"]
position = Vector2( -4, 106 )
collision_layer = 2

[node name="CollisionPolygon2D" type="CollisionPolygon2D" parent="Back_Main/mur_salon-cuisine_4_flip/StaticBody2D"]
polygon = PoolVector2Array( -28, -18, 36, 14, 36, 22, -28, -10 )

[node name="obj_caisson" type="Sprite" parent="Back_Main"]
position = Vector2( 704, 282 )
texture = ExtResource( 30 )

[node name="Fridge" parent="Back_Main" instance=ExtResource( 22 )]
position = Vector2( 832, 384 )

[node name="Oven" parent="Back_Main" instance=ExtResource( 10 )]
position = Vector2( 768, 416 )
_START_REVEALED = true

[node name="SinkKT" parent="Back_Main" instance=ExtResource( 8 )]
position = Vector2( 704, 448 )
_START_REVEALED = true

[node name="obj_etagere_2" type="Sprite" parent="Back_Main"]
position = Vector2( 1138, 445 )
texture = ExtResource( 32 )

[node name="obj_pot_5" type="Sprite" parent="Back_Main"]
position = Vector2( 1134, 444 )
texture = ExtResource( 35 )

[node name="obj_pot_6" type="Sprite" parent="Back_Main"]
position = Vector2( 1106, 418 )
texture = ExtResource( 34 )

[node name="obj_etagere_3" type="Sprite" parent="Back_Main"]
position = Vector2( 1140, 401 )
texture = ExtResource( 32 )

[node name="obj_pot_7" type="Sprite" parent="Back_Main"]
position = Vector2( 1114, 372 )
texture = ExtResource( 33 )

[node name="obj_pot_8" type="Sprite" parent="Back_Main"]
position = Vector2( 1138, 384 )
texture = ExtResource( 29 )

[node name="obj_tapis_3_flip" type="Sprite" parent="Back_Main"]
position = Vector2( 1350, 718 )
texture = ExtResource( 28 )

[node name="obj_tapis_2" type="Sprite" parent="Back_Main"]
position = Vector2( 988, 806 )
texture = ExtResource( 26 )

[node name="obj_miroir" type="Sprite" parent="."]
position = Vector2( 1318, 368 )
texture = ExtResource( 18 )

[node name="Shower_F_D" parent="." instance=ExtResource( 6 )]
position = Vector2( 1472, 448 )
rotation = 3.14159
scale = Vector2( 1, -1 )

[node name="WC_F_D" parent="." instance=ExtResource( 9 )]
position = Vector2( 1540, 472 )
rotation = -3.14159
scale = Vector2( 1, -1 )

[node name="BRTrigger" parent="." instance=ExtResource( 5 )]
visible = false
position = Vector2( 1280, 576 )
_ToHidePaths = [ NodePath("../YSort/W_SaCu_4__11"), NodePath("../YSort/W_SaCu_5__10"), NodePath("../YSort/W_SaCu_5__9"), NodePath("../YSort/W_SaCu_5__8"), NodePath("../YSort/W_SaCu_5__7"), NodePath("../YSort/D_Coloured_2"), NodePath("../YSort/W_SaCu_4__12") ]
_ToFadePaths = [ NodePath("../Front_Main/W_SaCu_5__6"), NodePath("../Front_Main/D_Coloured"), NodePath("../YSort/Sideboard_1"), NodePath("../YSort/Sideboard_1/Lamp_1") ]

[node name="CollisionPolygon2D" type="CollisionPolygon2D" parent="BRTrigger"]
polygon = PoolVector2Array( 64, 32, -64, -32, 192, -160, 320, -96 )

[node name="MainTrigger" parent="." instance=ExtResource( 5 )]
visible = false
position = Vector2( 1280, 576 )
_StartingEnabled = true
_ToHidePaths = [ NodePath("../Front_Main/W_SaCu_4_"), NodePath("../Front_Main/W_SaCu_4__2"), NodePath("../Front_Main/W_SaCu_4__3"), NodePath("../Front_Main/W_SaCu_4__4"), NodePath("../Front_Main/W_SaCu_4__5"), NodePath("../Front_Main/W_SaCu_4__6"), NodePath("../Front_Main/W_SaCu_4__7"), NodePath("../Front_Main/W_SaCu_4__8"), NodePath("../Front_Main/W_SaCu_4__9"), NodePath("../Front_Main/W_SaCu_4__10"), NodePath("../Front_Main/W_SaCu_5_"), NodePath("../Front_Main/W_SaCu_5__2"), NodePath("../Front_Main/W_SaCu_5__3"), NodePath("../Front_Main/W_SaCu_5__4"), NodePath("../Front_Main/W_SaCu_5__5"), NodePath("../Front_Main/W_SaCu_5__6"), NodePath("../Front_Main/D_Coloured") ]
_ToFadePaths = [  ]

[node name="CollisionPolygon2D" type="CollisionPolygon2D" parent="MainTrigger"]
polygon = PoolVector2Array( 192, 96, -448, -224, -960, 32, -320, 352 )
__meta__ = {
"_editor_description_": ""
}

[node name="InvisiWall" type="StaticBody2D" parent="."]
position = Vector2( 1354, 736 )
scale = Vector2( -1, 1 )
collision_layer = 2

[node name="CollisionPolygon2D" type="CollisionPolygon2D" parent="InvisiWall"]
polygon = PoolVector2Array( -40, -28, 64, 24, 60, 28, -44, -24 )

[node name="YSort" type="YSort" parent="."]

[node name="Character" parent="YSort" instance=ExtResource( 1 )]
position = Vector2( 1336, 716 )
_StartingDirection = Vector2( -1, -1 )

[node name="TableSmall" parent="YSort" instance=ExtResource( 7 )]
position = Vector2( 832, 608 )
_START_REVEALED = true

[node name="TrashCan" parent="YSort" instance=ExtResource( 11 )]
position = Vector2( 978, 438 )
scale = Vector2( -1, 1 )
_START_REVEALED = true

[node name="SinkBR_F_D" parent="YSort" instance=ExtResource( 12 )]
position = Vector2( 1338, 492 )

[node name="ChairFront" parent="YSort" instance=ExtResource( 15 )]
position = Vector2( 896, 578 )

[node name="ChairBack" parent="YSort" instance=ExtResource( 27 )]
position = Vector2( 768, 646 )

[node name="BedAdult_F_D" parent="YSort" instance=ExtResource( 17 )]
position = Vector2( 466, 590 )

[node name="Wardrobe_1" parent="YSort" instance=ExtResource( 20 )]
position = Vector2( 512, 538 )

[node name="obj_commode_2" type="Sprite" parent="YSort/Wardrobe_1"]
position = Vector2( 0, -88 )
texture = ExtResource( 25 )

[node name="TV" parent="YSort" instance=ExtResource( 24 )]
position = Vector2( 896, 864 )

[node name="Sofa" parent="YSort" instance=ExtResource( 14 )]
position = Vector2( 1086, 760 )

[node name="Sideboard_1" parent="YSort" instance=ExtResource( 16 )]
position = Vector2( 1410, 640 )
rotation = -3.14159
scale = Vector2( 1, -1 )

[node name="Lamp_1" parent="YSort/Sideboard_1" instance=ExtResource( 13 )]
position = Vector2( -9.99951, -44.0001 )
rotation = -3.14159
scale = Vector2( 1, -1 )

[node name="W_SaCu_4__11" parent="YSort" instance=ExtResource( 37 )]
position = Vector2( 1344, 608 )

[node name="W_SaCu_4__12" parent="YSort" instance=ExtResource( 37 )]
position = Vector2( 1408, 640 )

[node name="W_SaCu_5__7" parent="YSort" instance=ExtResource( 36 )]
position = Vector2( 1600, 480 )
rotation = 3.14159
scale = Vector2( 1, -1 )

[node name="W_SaCu_5__8" parent="YSort" instance=ExtResource( 36 )]
position = Vector2( 1536, 512 )
rotation = 3.14159
scale = Vector2( 1, -1 )

[node name="W_SaCu_5__9" parent="YSort" instance=ExtResource( 36 )]
position = Vector2( 1472, 544 )
rotation = 3.14159
scale = Vector2( 1, -1 )

[node name="W_SaCu_5__10" parent="YSort" instance=ExtResource( 36 )]
position = Vector2( 1408, 576 )
rotation = 3.14159
scale = Vector2( 1, -1 )

[node name="D_Coloured_2" parent="YSort" instance=ExtResource( 23 )]
position = Vector2( 1280, 546 )

[node name="Front_Main" type="Node2D" parent="."]

[node name="D_Coloured" parent="Front_Main" instance=ExtResource( 23 )]
position = Vector2( 1344, 706 )
rotation = 3.14159
scale = Vector2( 1, -1 )
_STARTING_LOWERED = true

[node name="W_SaCu_4_" parent="Front_Main" instance=ExtResource( 37 )]
position = Vector2( 320, 608 )
_STARTING_LOWERED = true

[node name="W_SaCu_4__2" parent="Front_Main" instance=ExtResource( 37 )]
position = Vector2( 384, 640 )
_STARTING_LOWERED = true

[node name="W_SaCu_4__3" parent="Front_Main" instance=ExtResource( 37 )]
position = Vector2( 448, 672 )
_STARTING_LOWERED = true

[node name="W_SaCu_4__4" parent="Front_Main" instance=ExtResource( 37 )]
position = Vector2( 512, 704 )
_STARTING_LOWERED = true

[node name="W_SaCu_4__5" parent="Front_Main" instance=ExtResource( 37 )]
position = Vector2( 576, 736 )
_STARTING_LOWERED = true

[node name="W_SaCu_4__6" parent="Front_Main" instance=ExtResource( 37 )]
position = Vector2( 640, 768 )
_STARTING_LOWERED = true

[node name="W_SaCu_4__7" parent="Front_Main" instance=ExtResource( 37 )]
position = Vector2( 704, 800 )
_STARTING_LOWERED = true

[node name="W_SaCu_4__8" parent="Front_Main" instance=ExtResource( 37 )]
position = Vector2( 768, 832 )
_STARTING_LOWERED = true

[node name="W_SaCu_4__9" parent="Front_Main" instance=ExtResource( 37 )]
position = Vector2( 832, 864 )
_STARTING_LOWERED = true

[node name="W_SaCu_4__10" parent="Front_Main" instance=ExtResource( 37 )]
position = Vector2( 896, 896 )
_STARTING_LOWERED = true

[node name="W_SaCu_5_" parent="Front_Main" instance=ExtResource( 36 )]
position = Vector2( 1024, 896 )
rotation = 3.14159
scale = Vector2( 1, -1 )
_STARTING_LOWERED = true

[node name="W_SaCu_5__2" parent="Front_Main" instance=ExtResource( 36 )]
position = Vector2( 1088, 864 )
rotation = 3.14159
scale = Vector2( 1, -1 )
_STARTING_LOWERED = true

[node name="W_SaCu_5__3" parent="Front_Main" instance=ExtResource( 36 )]
position = Vector2( 1152, 832 )
rotation = 3.14159
scale = Vector2( 1, -1 )
_STARTING_LOWERED = true

[node name="W_SaCu_5__4" parent="Front_Main" instance=ExtResource( 36 )]
position = Vector2( 1216, 800 )
rotation = 3.14159
scale = Vector2( 1, -1 )
_STARTING_LOWERED = true

[node name="W_SaCu_5__5" parent="Front_Main" instance=ExtResource( 36 )]
position = Vector2( 1280, 768 )
rotation = 3.14159
scale = Vector2( 1, -1 )
_STARTING_LOWERED = true

[node name="W_SaCu_5__6" parent="Front_Main" instance=ExtResource( 36 )]
position = Vector2( 1472, 672 )
rotation = 3.14159
scale = Vector2( 1, -1 )
_STARTING_LOWERED = true

[node name="CameraRig" parent="." instance=ExtResource( 4 )]
position = Vector2( 1336, 716 )
