[gd_resource type="Resource" load_steps=19 format=2]

[ext_resource path="res://Resources/timer_system.tres" type="Resource" id=1]
[ext_resource path="res://Resources/task_list.tres" type="Resource" id=2]
[ext_resource path="res://Scripts/systems/GameRules.cs" type="Script" id=3]
[ext_resource path="res://Resources/Levels_configuration/level_7_configuration.tres" type="Resource" id=4]
[ext_resource path="res://Resources/Levels_configuration/level_12_configuration.tres" type="Resource" id=5]
[ext_resource path="res://Resources/Levels_configuration/level_4_configuration.tres" type="Resource" id=6]
[ext_resource path="res://Resources/Levels_configuration/level_13_configuration.tres" type="Resource" id=7]
[ext_resource path="res://Resources/Levels_configuration/level_10_configuration.tres" type="Resource" id=8]
[ext_resource path="res://Resources/Levels_configuration/level_11_configuration.tres" type="Resource" id=9]
[ext_resource path="res://Resources/Levels_configuration/level_2_configuration.tres" type="Resource" id=10]
[ext_resource path="res://Resources/Levels_configuration/level_6_configuration.tres" type="Resource" id=11]
[ext_resource path="res://Resources/Levels_configuration/level_15_configuration.tres" type="Resource" id=12]
[ext_resource path="res://Resources/Levels_configuration/level_3_configuration.tres" type="Resource" id=13]
[ext_resource path="res://Resources/Levels_configuration/level_5_configuration.tres" type="Resource" id=14]
[ext_resource path="res://Resources/Levels_configuration/level_8_configuration.tres" type="Resource" id=15]
[ext_resource path="res://Resources/Levels_configuration/level_9_configuration.tres" type="Resource" id=16]
[ext_resource path="res://Resources/Levels_configuration/level_1_configuration.tres" type="Resource" id=17]
[ext_resource path="res://Resources/Levels_configuration/level_14_configuration.tres" type="Resource" id=18]

[resource]
script = ExtResource( 3 )
_Timer = ExtResource( 1 )
_TaskList = ExtResource( 2 )
_LevelsConfiguration = [ ExtResource( 17 ), ExtResource( 10 ), ExtResource( 13 ), ExtResource( 6 ), ExtResource( 14 ), ExtResource( 11 ), ExtResource( 4 ), ExtResource( 15 ), ExtResource( 16 ), ExtResource( 8 ), ExtResource( 9 ), ExtResource( 5 ), ExtResource( 7 ), ExtResource( 18 ), ExtResource( 12 ) ]
