[gd_scene load_steps=8 format=2]

[ext_resource path="res://Resources/Themes/pause_menu_buttons.tres" type="Theme" id=1]
[ext_resource path="res://Graphics/UI/post-it_1024.png" type="Texture" id=2]
[ext_resource path="res://Resources/task_list.tres" type="Resource" id=4]
[ext_resource path="res://Scripts/ui/TaskScreen.cs" type="Script" id=5]
[ext_resource path="res://Resources/game_rules.tres" type="Resource" id=6]
[ext_resource path="res://Scenes/UI/Task_Label.tscn" type="PackedScene" id=7]

[sub_resource type="StyleBoxTexture" id=1]
content_margin_left = 0.0
content_margin_right = 0.0
content_margin_top = 0.0
content_margin_bottom = 0.0
texture = ExtResource( 2 )
region_rect = Rect2( 0, 0, 1024, 1024 )
margin_left = 256.0
margin_right = 300.0
margin_top = 340.0
margin_bottom = 308.0
axis_stretch_horizontal = 1
axis_stretch_vertical = 1

[node name="TaskScreen" type="CenterContainer"]
anchor_right = 1.0
anchor_bottom = 1.0
script = ExtResource( 5 )
__meta__ = {
"_edit_group_": true,
"_edit_use_anchors_": false
}
_GameRules = ExtResource( 6 )
_TaskList = ExtResource( 4 )
_FirstButtonPath = NodePath("PanelContainer/MarginContainer/VBoxContainer_2/Go")
_TasksContainerPath = NodePath("PanelContainer/MarginContainer/VBoxContainer_2/TaskLabelsContainer")
_TaskLabelScene = ExtResource( 7 )

[node name="PanelContainer" type="PanelContainer" parent="."]
margin_left = 704.0
margin_top = 436.0
margin_right = 1216.0
margin_bottom = 644.0
grow_vertical = 2
rect_min_size = Vector2( 512, 192 )
custom_styles/panel = SubResource( 1 )

[node name="MarginContainer" type="MarginContainer" parent="PanelContainer"]
margin_right = 512.0
margin_bottom = 208.0
grow_vertical = 2
rect_min_size = Vector2( 512, 192 )
size_flags_horizontal = 3
size_flags_vertical = 3
custom_constants/margin_right = 48
custom_constants/margin_top = 16
custom_constants/margin_left = 48
custom_constants/margin_bottom = 32
__meta__ = {
"_edit_use_anchors_": true
}

[node name="VBoxContainer_2" type="VBoxContainer" parent="PanelContainer/MarginContainer"]
margin_left = 48.0
margin_top = 16.0
margin_right = 464.0
margin_bottom = 176.0
grow_vertical = 2
rect_min_size = Vector2( 0, 160 )
custom_constants/separation = 16
alignment = 1

[node name="TaskLabelsContainer" type="VBoxContainer" parent="PanelContainer/MarginContainer/VBoxContainer_2"]
margin_right = 416.0
margin_bottom = 64.0
grow_vertical = 2
rect_min_size = Vector2( 0, 64 )
__meta__ = {
"_edit_use_anchors_": false
}

[node name="Go" type="Button" parent="PanelContainer/MarginContainer/VBoxContainer_2"]
margin_left = 42.0
margin_top = 80.0
margin_right = 374.0
margin_bottom = 160.0
rect_min_size = Vector2( 256, 80 )
size_flags_horizontal = 4
size_flags_vertical = 4
theme = ExtResource( 1 )
text = "UI_TASKSCREENGO"
[connection signal="pressed" from="PanelContainer/MarginContainer/VBoxContainer_2/Go" to="." method="OnGOPressed"]
